<?xml version="1.0" encoding="UTF-8"?>
<marc:collection xmlns:marc="http://www.loc.gov/MARC21/slim" xmlns:xsi="http://www.w3.org/2001/XMLSchema-instance" xsi:schemaLocation="http://www.loc.gov/MARC21/slim http://www.loc.gov/standards/marcxml/schema/MARC21slim.xsd">
   <marc:record type="Bibliographic">
      <marc:leader>01375cam a2200385 a 4500</marc:leader>
      <marc:controlfield tag="001">823115</marc:controlfield>
      <marc:controlfield tag="003">NjP</marc:controlfield>
      <marc:controlfield tag="005">20130222120356.0</marc:controlfield>
      <marc:controlfield tag="008">930723q19601969iq            000 0 ara d</marc:controlfield>
      <marc:datafield tag="024" ind1="7" ind2=" ">
         <marc:subfield code="a">princeton_aco000732</marc:subfield>
         <marc:subfield code="2">local</marc:subfield>
      </marc:datafield>
      <marc:datafield tag="035" ind1=" " ind2=" ">
         <marc:subfield code="a">(OCoLC)ocn176220972</marc:subfield>
      </marc:datafield>
      <marc:datafield tag="035" ind1=" " ind2=" ">
         <marc:subfield code="a">(OCoLC)28543412</marc:subfield>
      </marc:datafield>
      <marc:datafield tag="040" ind1=" " ind2=" ">
         <marc:subfield code="a">NjP</marc:subfield>
         <marc:subfield code="c">PUL</marc:subfield>
         <marc:subfield code="d">PUL</marc:subfield>
      </marc:datafield>
      <marc:datafield tag="035" ind1=" " ind2=" ">
         <marc:subfield code="a">(OCoLC)176220972</marc:subfield>
      </marc:datafield>
      <marc:datafield tag="035" ind1=" " ind2=" ">
         <marc:subfield code="a">(CStRLIN)NJPG93-B40209</marc:subfield>
      </marc:datafield>
      <marc:datafield tag="035" ind1=" " ind2=" ">
         <marc:subfield code="9">AEB6619TS</marc:subfield>
      </marc:datafield>
      <marc:datafield tag="035" ind1=" " ind2=" ">
         <marc:subfield code="a">(NjP)823115</marc:subfield>
      </marc:datafield>
      <marc:datafield tag="079" ind1=" " ind2=" ">
         <marc:subfield code="a">ocm28543412</marc:subfield>
      </marc:datafield>
      <marc:datafield tag="049" ind1=" " ind2=" ">
         <marc:subfield code="a">PULL</marc:subfield>
      </marc:datafield>
      <marc:datafield tag="100" ind1="1" ind2=" ">
         <marc:subfield code="6">880-01</marc:subfield>
         <marc:subfield code="a">Ḥalafī, Kāẓim.</marc:subfield>
      </marc:datafield>
      <marc:datafield tag="245" ind1="1" ind2="0">
         <marc:subfield code="6">880-02</marc:subfield>
         <marc:subfield code="a">Min waḥy falsafatinā /</marc:subfield>
         <marc:subfield code="c">bi-qalam Kāẓim al-Ḥalafī.</marc:subfield>
      </marc:datafield>
      <marc:datafield tag="260" ind1=" " ind2=" ">
         <marc:subfield code="6">880-03</marc:subfield>
         <marc:subfield code="a">al-Najaf :</marc:subfield>
         <marc:subfield code="b">Maṭbaʻat al-Nuʻmān,</marc:subfield>
         <marc:subfield code="c">[196-?]</marc:subfield>
      </marc:datafield>
      <marc:datafield tag="300" ind1=" " ind2=" ">
         <marc:subfield code="a">56 p. ;</marc:subfield>
         <marc:subfield code="c">21 cm.</marc:subfield>
      </marc:datafield>
      <marc:datafield tag="440" ind1=" " ind2="0">
         <marc:subfield code="6">880-04</marc:subfield>
         <marc:subfield code="a">Silsilat al-maʻārif al-Islāmīyah</marc:subfield>
      </marc:datafield>
      <marc:datafield tag="600" ind1="1" ind2="0">
         <marc:subfield code="6">880-05</marc:subfield>
         <marc:subfield code="a">Ṣadr, Muḥammad Bāqir.</marc:subfield>
         <marc:subfield code="t">Falsafatunā.</marc:subfield>
      </marc:datafield>
      <marc:datafield tag="650" ind1=" " ind2="0">
         <marc:subfield code="a">Philosophy, Modern.</marc:subfield>
      </marc:datafield>
      <marc:datafield tag="650" ind1=" " ind2="0">
         <marc:subfield code="a">Philosophy, Comparative.</marc:subfield>
      </marc:datafield>
      <marc:datafield tag="880" ind1="1" ind2=" ">
         <marc:subfield code="6">100-01/r</marc:subfield>
         <marc:subfield code="a">حلفي، كاظم.</marc:subfield>
      </marc:datafield>
      <marc:datafield tag="880" ind1="1" ind2="0">
         <marc:subfield code="6">245-02/r</marc:subfield>
         <marc:subfield code="a">من وحي فلسفتنا /</marc:subfield>
         <marc:subfield code="c">بقلم كاظم الحلفي.</marc:subfield>
      </marc:datafield>
      <marc:datafield tag="880" ind1=" " ind2=" ">
         <marc:subfield code="6">260-03/r</marc:subfield>
         <marc:subfield code="a">النجف :</marc:subfield>
         <marc:subfield code="b">مطبعة النعمان،</marc:subfield>
         <marc:subfield code="c">[196-؟]</marc:subfield>
      </marc:datafield>
      <marc:datafield tag="880" ind1=" " ind2="0">
         <marc:subfield code="6">440-04/r</marc:subfield>
         <marc:subfield code="a">سلسلة المعارف الاسلامية</marc:subfield>
      </marc:datafield>
      <marc:datafield tag="880" ind1="1" ind2="0">
         <marc:subfield code="6">600-05/r</marc:subfield>
         <marc:subfield code="a">صدر، محمد باقر.</marc:subfield>
         <marc:subfield code="t">فلسفتنا.</marc:subfield>
      </marc:datafield>
      <marc:datafield tag="998" ind1=" " ind2=" ">
         <marc:subfield code="a">07/23/93</marc:subfield>
         <marc:subfield code="s">9114</marc:subfield>
         <marc:subfield code="n">NjP</marc:subfield>
         <marc:subfield code="d">07/23/93</marc:subfield>
         <marc:subfield code="c">JEB</marc:subfield>
         <marc:subfield code="b">JEB</marc:subfield>
         <marc:subfield code="i">930723</marc:subfield>
         <marc:subfield code="l">NJPG</marc:subfield>
      </marc:datafield>
      <marc:datafield tag="911" ind1=" " ind2=" ">
         <marc:subfield code="a">19930731</marc:subfield>
      </marc:datafield>
      <marc:datafield tag="912" ind1=" " ind2=" ">
         <marc:subfield code="a">19930723000000.0</marc:subfield>
      </marc:datafield>
      <marc:datafield tag="994" ind1=" " ind2=" ">
         <marc:subfield code="a">C0</marc:subfield>
         <marc:subfield code="b">PUL</marc:subfield>
      </marc:datafield>
      <marc:datafield tag="999" ind1=" " ind2=" ">
         <marc:subfield code="a">823115</marc:subfield>
      </marc:datafield>
   </marc:record>
</marc:collection>
